<record><leader>00000cas a22000007a 4500</leader><controlfield tag="001">10899714</controlfield><controlfield tag="008">840629d18531910nhuwr ne      0    0eng d</controlfield><datafield ind1=" " ind2=" " tag="010"><subfield code="a">sn 84023632 </subfield></datafield><datafield ind1=" " ind2=" " tag="040"><subfield code="a">AQM</subfield><subfield code="b">eng</subfield><subfield code="c">AQM</subfield><subfield code="d">OCLCQ</subfield><subfield code="d">DLC</subfield><subfield code="d">OCLCF</subfield></datafield><datafield ind1="1" ind2=" " tag="029"><subfield code="a">AU@</subfield><subfield code="b">000025826138</subfield></datafield><datafield ind1=" " ind2=" " tag="042"><subfield code="a">msc</subfield></datafield><datafield ind1=" " ind2=" " tag="043"><subfield code="a">n-us-nh</subfield></datafield><datafield ind1="0" ind2="0" tag="050"><subfield code="a">Newspaper</subfield></datafield><datafield ind1="0" ind2="0" tag="245"><subfield code="a">Cheshire Republican.</subfield></datafield><datafield ind1=" " ind2=" " tag="260"><subfield code="a">Keene, N.H. :</subfield><subfield code="b">Horatio Kimball</subfield></datafield><datafield ind1=" " ind2=" " tag="300"><subfield code="a">v. :</subfield><subfield code="b">ill. (chiefly advertisements) ;</subfield><subfield code="c">62 cm.</subfield></datafield><datafield ind1=" " ind2=" " tag="310"><subfield code="a">Weekly</subfield></datafield><datafield ind1="1" ind2=" " tag="362"><subfield code="a">Began in 1853; ceased in Nov. 1910.</subfield><subfield code="z">Cf. Amer. newspapers, 1821-1936.</subfield></datafield><datafield ind1=" " ind2=" " tag="500"><subfield code="a">Published every Saturday.</subfield></datafield><datafield ind1=" " ind2=" " tag="500"><subfield code="a">Editor: H. Kimball, 1853-1865.</subfield></datafield><datafield ind1=" " ind2=" " tag="500"><subfield code="a">Publishers: Morse &amp; Allen, 1865-1868; J. Morse, 1868-&lt;1876&gt;.</subfield></datafield><datafield ind1=" " ind2=" " tag="500"><subfield code="a">"Democratic."</subfield></datafield><datafield ind1=" " ind2=" " tag="588"><subfield code="a">Description based on: Vol. 19, no. 30 (Mar. 2, 1853).</subfield></datafield><datafield ind1=" " ind2="0" tag="651"><subfield code="a">Keene (N.H.)</subfield><subfield code="v">Newspapers.</subfield></datafield><datafield ind1=" " ind2="7" tag="655"><subfield code="a">Newspapers.</subfield><subfield code="2">rbgenr</subfield></datafield><datafield ind1=" " ind2="7" tag="655"><subfield code="a">Newspapers.</subfield><subfield code="2">fast</subfield><subfield code="0">(OCoLC)fst01423814</subfield></datafield><datafield ind1=" " ind2="7" tag="651"><subfield code="a">New Hampshire</subfield><subfield code="z">Keene.</subfield><subfield code="2">fast</subfield><subfield code="0">(OCoLC)fst01218760</subfield></datafield><datafield ind1="1" ind2=" " tag="700"><subfield code="a">Kimball, Horatio.</subfield></datafield><datafield ind1=" " ind2=" " tag="752"><subfield code="a">United States</subfield><subfield code="b">New Hampshire</subfield><subfield code="c">Cheshire</subfield><subfield code="d">Keene.</subfield></datafield><datafield ind1="0" ind2="0" tag="780"><subfield code="t">Cheshire Republican and farmer</subfield><subfield code="w">(DLC)sn 84023631</subfield><subfield code="w">(OCoLC)10899645</subfield></datafield><datafield ind1="0" ind2="7" tag="785"><subfield code="t">Keene free press</subfield></datafield><datafield ind1="0" ind2="7" tag="785"><subfield code="t">Cheshire Republican and Keene free press</subfield></datafield></record>